@Book{proactor,
  title={Proactor - An Object Behavioral Pattern for Demultiplexing and Dispatching Handlers for Asynchronous Events},
  author= {"Tim Harrison, Irfan Pyarali, Douglas C. Schmidt and Thomas D.Jordan"},
  year={1997},
  publisher={4th conference of Pattern Languages of Programming}
}

@Book{REST,
  title={Architectural Styles and the Design of Network-based Software Architectures},
  author={Roy Thomas Fielding},
  year={2000},
  publisher={University of California}
}

@book{LAZYVSEAGER,
  title={Lazy v. Yield:Incremental, Linear Pretty-printing},
  author={Oleg Kiselyov, Simon Peyton-Jones, Amr Sabry},
  year={2012},
  publisher={ResearchGate}
}

@ONLINE{ReactiveStreams,
  title={Reactive Stream},
  author={Reactive Streams initiative},
  url = {http://www.reactive-streams.org/},
}

@Book{gof,
  title={Design Patterns: Elements of Reusable Object-Oriented Software},
  author={Erich Gamma and Richard Helm and Ralph Johnson and John Vlissides},
  year={1994},
  ISBN =  {0-201-63361-2},
  publisher={Addison-Wesley}
}
